@ONLINE{hff-uic,
    author = {Portugal Clinical Trials},
    title = {Hospital Professor Doutor Fernando Fonseca},
    month = {1},
    year = {2022},
    url = {https://portugalclinicaltrials.com/pt/centros-de-investigacao-clinica/hospital-professor-doutor-fernando-fonseca/}
}

@ONLINE{hff-intro,
    author = {Hospital Professor Doutor Fernando Fonseca},
    title = {Introduction of the Hospital Professor Doutor Fernando Fonseca},
    month = {1},
    year = {2022},
    url = {https://hff.min-saude.pt/}
}

@ONLINE{tipos-de-ensaios,
    author = {Portugal Clinical Trials},
    title = {O que é um estudo clínico?},
    month = {1},
    year = {2022},
    url = {https://portugalclinicaltrials.com/pt/porque-e-que-os-estudos-clinicos-sao-importantes/}
}

@ONLINE{reactjs,
    title = {React},
    month = {1},
    year = {2022},
    url = {https://reactjs.org/}
}

@ONLINE{spring-webflux,
    title = {Web on Reactive Stack},
    month = {3},
    year = {2022},
    url = {https://docs.spring.io/spring-framework/docs/current/reference/html/web-reactive.html#webflux-new-framework}
}

@ONLINE{spring-boot,
    title = {Spring boot},
    month = {3},
    year = {2022},
    url = {https://spring.io/projects/spring-boot}
}

@ONLINE{spring-testing-unit,
    title = {Unit Testing},
    month = {3},
    year = {2022},
    url = {https://docs.spring.io/spring-framework/docs/current/reference/html/testing.html#unit-testing}
}

@ONLINE{asset-panda,
    title = {Best Asset Management Software},
    author = {Best, Richard},
    month = {6},
    year = {2021},
    url = {https://www.assetpanda.com/solutions/healthcare/}
}

@ONLINE{proofhub,
    title = {Best Asset Management Software},
    author = {Best, Richard},
    month = {6},
    year = {2021},
    url = {https://www.proofhub.com/features}
}

@ONLINE{r2dbc,
    title = {Spring Data R2DBC},
    month = {3},
    year = {2022},
    url = {https://spring.io/projects/spring-data-r2dbc}
}

@ONLINE{npm,
    title = {About npm},
    month = {1},
    year = {2022},
    url = {https://docs.npmjs.com/about-npm}
}

@ONLINE{postgresql,
    title = {What is PostgreSQL?},
    month = {1},
    year = {2022},
    url = {https://www.postgresql.org/about/}
}

@ONLINE{yarn,
    title = {Yarn},
    month = {1},
    year = {2022},
    url = {https://yarnpkg.com/getting-started}
}

@ONLINE{infarmed,
    author = {Infarmed},
    title = {Apresentação},
    month = {1},
    year = {2022},
    url = {https://www.infarmed.pt/web/infarmed/apresentacao}
}


@ONLINE{ceic,
    author = {Comissão de Ética para a Investigação Clínica},
    title = {Apresentação},
    month = {1},
    year = {2022},
    url = {https://www.ceic.pt/missao}
}