@ONLINE{hff-uic,
    author = {Portugal Clinical Trials},
    title = {Hospital Professor Doutor Fernando Fonseca},
    month = {1},
    year = {2022},
    url = {https://portugalclinicaltrials.com/pt/centros-de-investigacao-clinica/hospital-professor-doutor-fernando-fonseca/}
}

@ONLINE{hff-intro,
    author = {Hospital Professor Doutor Fernando Fonseca},
    title = {Introduction of the Hospital Professor Doutor Fernando Fonseca},
    month = {1},
    year = {2022},
    url = {https://hff.min-saude.pt/}
}

@ONLINE{tipos-de-ensaios,
    author = {Portugal Clinical Trials},
    title = {O que é um estudo clínico?},
    month = {1},
    year = {2022},
    url = {https://portugalclinicaltrials.com/pt/porque-e-que-os-estudos-clinicos-sao-importantes/}
}

@ONLINE{reactjs,
    title = {React},
    month = {1},
    year = {2022},
    url = {https://reactjs.org/}
}

@ONLINE{spring-webflux,
    title = {Web on Reactive Stack},
    month = {3},
    year = {2022},
    url = {https://docs.spring.io/spring-framework/docs/current/reference/html/web-reactive.html#webflux-new-framework}
}

@ONLINE{spring-boot,
    title = {Spring boot},
    month = {3},
    year = {2022},
    url = {https://spring.io/projects/spring-boot}
}

@ONLINE{spring-testing-unit,
    title = {Unit Testing},
    month = {3},
    year = {2022},
    url = {https://docs.spring.io/spring-framework/docs/current/reference/html/testing.html#unit-testing}
}

@ONLINE{asset-panda,
    title = {Improve the management of your life saving medical equipment},
    month = {3},
    year = {2022},
    url = {https://www.assetpanda.com/solutions/healthcare/}
}

@ONLINE{Advarra,
    title = {About Advarra},
    month = {3},
    year = {2022},
    url = {https://www.advarra.com/about/}
}

@ONLINE{clinical-conductor-ctms,
    title = {Revolutionize the Way You Conduct Clinical Research},
    month = {3},
    year = {2022},
    url = {https://info.advarra.com/clinical-conductor-demo-request-capterra.html}
}

@ONLINE{realtime-ctms,
    title = {Revolutionize the Way You Conduct Clinical Research},
    month = {3},
    year = {2022},
    url = {https://realtime-ctms.com/clinical-research-software/}
}

@ONLINE{r2dbc,
    title = {Spring Data R2DBC},
    month = {3},
    year = {2022},
    url = {https://spring.io/projects/spring-data-r2dbc}
}

@ONLINE{npm,
    title = {About npm},
    month = {1},
    year = {2022},
    url = {https://docs.npmjs.com/about-npm}
}

@ONLINE{postgresql,
    title = {What is PostgreSQL?},
    month = {1},
    year = {2022},
    url = {https://www.postgresql.org/about/}
}

@ONLINE{yarn,
    title = {Yarn},
    month = {1},
    year = {2022},
    url = {https://yarnpkg.com/getting-started}
}

@ONLINE{infarmed,
    author = {Infarmed},
    title = {Apresentação},
    month = {1},
    year = {2022},
    url = {https://www.infarmed.pt/web/infarmed/apresentacao}
}


@ONLINE{ceic,
    author = {Comissão de Ética para a Investigação Clínica},
    title = {Apresentação},
    month = {1},
    year = {2022},
    url = {https://www.ceic.pt/missao}
}

@ONLINE{kotlin-coroutines,
    author = {JetBrains},
    title = {Coroutines},
    month = {11},
    year = {2022},
    url = {https://kotlinlang.org/docs/coroutines-overview.html}
}

@ONLINE{kotlin-coroutines-your-first,
    author = {JetBrains},
    title = {Coroutines Basics},
    month = {11},
    year = {2022},
    url = {https://kotlinlang.org/docs/coroutines-basics.html#your-first-coroutine}
}